<record><leader>00000cas a2200000 a 4500</leader><controlfield tag="001">49420272</controlfield><controlfield tag="008">020328d19701971oru x ne      0    0eng c</controlfield><datafield ind1=" " ind2=" " tag="010"><subfield code="a">sn2002061462</subfield></datafield><datafield ind1=" " ind2=" " tag="040"><subfield code="a">NYS</subfield><subfield code="b">eng</subfield><subfield code="c">NYS</subfield><subfield code="d">ZWZ</subfield><subfield code="d">OCLCQ</subfield><subfield code="d">OCLCF</subfield><subfield code="d">OCLCO</subfield></datafield><datafield ind1="1" ind2=" " tag="029"><subfield code="a">AU@</subfield><subfield code="b">000023464161</subfield></datafield><datafield ind1="1" ind2=" " tag="029"><subfield code="a">ZWZ</subfield><subfield code="b">129901032</subfield></datafield><datafield ind1=" " ind2=" " tag="042"><subfield code="a">pcc</subfield></datafield><datafield ind1=" " ind2=" " tag="043"><subfield code="a">n-us-or</subfield></datafield><datafield ind1="0" ind2="0" tag="245"><subfield code="a">Rainbow people.</subfield></datafield><datafield ind1=" " ind2=" " tag="260"><subfield code="a">Gresham, Or. :</subfield><subfield code="b">[s.n.],</subfield><subfield code="c">1970-1971?</subfield></datafield><datafield ind1=" " ind2=" " tag="300"><subfield code="a">1 v. :</subfield><subfield code="b">ill. ;</subfield><subfield code="c">45 cm.</subfield></datafield><datafield ind1="0" ind2=" " tag="362"><subfield code="a">Vol. 1, no. 1-v. 1, no. 5.</subfield></datafield><datafield ind1=" " ind2=" " tag="500"><subfield code="a">"One idea-many voices."</subfield></datafield><datafield ind1=" " ind2=" " tag="515"><subfield code="a">Issues undated.</subfield></datafield><datafield ind1=" " ind2=" " tag="530"><subfield code="a">Available on microfilm from New York University Libraries.</subfield></datafield><datafield ind1=" " ind2=" " tag="580"><subfield code="a">Formed by union of : Cherokee examiner, and: Longhouse news and Rosebud Sioux herald ; earlier titles continue to appear as separate sections within new title. Section called "Cherokee examiner" separately numbers, continuing numbering of its independent predecessor.</subfield></datafield><datafield ind1=" " ind2="0" tag="650"><subfield code="a">Indians of North America</subfield><subfield code="x">Social conditions</subfield><subfield code="v">Newspapers.</subfield></datafield><datafield ind1=" " ind2="0" tag="650"><subfield code="a">Indians of North America</subfield><subfield code="x">Civil rights</subfield><subfield code="v">Newspapers.</subfield></datafield><datafield ind1=" " ind2="0" tag="650"><subfield code="a">Indians of North America</subfield><subfield code="z">Canada</subfield><subfield code="v">Newspapers.</subfield></datafield><datafield ind1=" " ind2="0" tag="650"><subfield code="a">Indians of North America</subfield><subfield code="z">California</subfield><subfield code="v">Newspapers.</subfield></datafield><datafield ind1=" " ind2="0" tag="650"><subfield code="a">Indians of North America</subfield><subfield code="z">Oregon</subfield><subfield code="v">Newspapers.</subfield></datafield><datafield ind1=" " ind2="0" tag="651"><subfield code="a">Gresham (Or.)</subfield><subfield code="v">Newspapers.</subfield></datafield><datafield ind1=" " ind2="0" tag="651"><subfield code="a">Multnomah County (Or.)</subfield><subfield code="v">Newspapers.</subfield></datafield><datafield ind1=" " ind2="7" tag="650"><subfield code="a">Indiens</subfield><subfield code="z">Ame&#769;rique du Nord</subfield><subfield code="x">Conditions sociales</subfield><subfield code="x">Pe&#769;riodiques.</subfield><subfield code="2">ram</subfield></datafield><datafield ind1=" " ind2="7" tag="650"><subfield code="a">Indiens</subfield><subfield code="z">Ame&#769;rique du Nord</subfield><subfield code="x">Droits civils et politiques</subfield><subfield code="x">Pe&#769;riodiques.</subfield><subfield code="2">ram</subfield></datafield><datafield ind1=" " ind2="7" tag="650"><subfield code="a">Indiens</subfield><subfield code="z">Ame&#769;rique du Nord</subfield><subfield code="z">Canada</subfield><subfield code="x">Pe&#769;riodiques.</subfield><subfield code="2">ram</subfield></datafield><datafield ind1=" " ind2="7" tag="650"><subfield code="a">Indiens</subfield><subfield code="z">Ame&#769;rique du Nord</subfield><subfield code="z">Californie (E&#769;tats-Unis)</subfield><subfield code="x">Pe&#769;riodiques.</subfield><subfield code="2">ram</subfield></datafield><datafield ind1=" " ind2="7" tag="650"><subfield code="a">Indiens</subfield><subfield code="z">Ame&#769;rique du Nord</subfield><subfield code="z">Oregon (E&#769;tats-Unis)</subfield><subfield code="x">Pe&#769;riodiques.</subfield><subfield code="2">ram</subfield></datafield><datafield ind1=" " ind2="7" tag="655"><subfield code="a">Newspapers.</subfield><subfield code="2">fast</subfield><subfield code="0">(OCoLC)fst01423814</subfield></datafield><datafield ind1=" " ind2="7" tag="650"><subfield code="a">Indians of North America.</subfield><subfield code="2">fast</subfield><subfield code="0">(OCoLC)fst00969633</subfield></datafield><datafield ind1=" " ind2="7" tag="650"><subfield code="a">Indians of North America</subfield><subfield code="x">Civil rights.</subfield><subfield code="2">fast</subfield><subfield code="0">(OCoLC)fst00969673</subfield></datafield><datafield ind1=" " ind2="7" tag="650"><subfield code="a">Indians of North America</subfield><subfield code="x">Social conditions.</subfield><subfield code="2">fast</subfield><subfield code="0">(OCoLC)fst00969904</subfield></datafield><datafield ind1=" " ind2="7" tag="651"><subfield code="a">California.</subfield><subfield code="2">fast</subfield><subfield code="0">(OCoLC)fst01204928</subfield></datafield><datafield ind1=" " ind2="7" tag="651"><subfield code="a">Canada.</subfield><subfield code="2">fast</subfield><subfield code="0">(OCoLC)fst01204310</subfield></datafield><datafield ind1=" " ind2="7" tag="651"><subfield code="a">Oregon.</subfield><subfield code="2">fast</subfield><subfield code="0">(OCoLC)fst01204579</subfield></datafield><datafield ind1=" " ind2="7" tag="651"><subfield code="a">Oregon</subfield><subfield code="z">Gresham.</subfield><subfield code="2">fast</subfield><subfield code="0">(OCoLC)fst01207352</subfield></datafield><datafield ind1=" " ind2="7" tag="651"><subfield code="a">Oregon</subfield><subfield code="z">Multnomah County.</subfield><subfield code="2">fast</subfield><subfield code="0">(OCoLC)fst01216118</subfield></datafield><datafield ind1="0" ind2="2" tag="730"><subfield code="a">Cherokee examiner.</subfield></datafield><datafield ind1="0" ind2="2" tag="730"><subfield code="a">Longhouse news.</subfield></datafield><datafield ind1="0" ind2=" " tag="730"><subfield code="a">Rosebud Sioux herald.</subfield></datafield><datafield ind1=" " ind2=" " tag="752"><subfield code="a">United States</subfield><subfield code="b">Oregon</subfield><subfield code="c">Multnomah</subfield><subfield code="d">Gresham.</subfield></datafield><datafield ind1="0" ind2=" " tag="776"><subfield code="c">Microfilm</subfield><subfield code="d">New York University Libraries</subfield><subfield code="w">(OCoLC)17270281</subfield></datafield><datafield ind1="1" ind2="4" tag="780"><subfield code="t">Cherokee examiner</subfield><subfield code="w">(OCoLC)29617349</subfield></datafield><datafield ind1="1" ind2="4" tag="780"><subfield code="t">Longhouse news.</subfield></datafield><datafield ind1="1" ind2="4" tag="780"><subfield code="t">Rosebud Sioux herald.</subfield></datafield></record>